02RETORNO01COBRANCA       16511300049999999999            SISTEMAS S.A      033SANTANDER      20032000000000009483012                                                                                                                                                                                                                                                                                  325000001
1027879661300014165199000999990009999                         04958535                                     510200320495853    0495853500          12111900000000300350331651901000000000003000000000000000000000000000000000000000000000000000000000000000000000000000000000000000000000000000000000 N 200320                 SOLUCOES DIGITAIS L 00000000000000000000000000000000000000000C           325000002
9201033          000025050000053763329700000518                                                  000000000000000000000000000000          000000000000000000000000000000                                                                                                                                                                                                                                325000632
